<record><leader>00000cas a22000007a 4500</leader><controlfield tag="001">9790082</controlfield><controlfield tag="008">830808d188718uumduwr ne      0    0eng  </controlfield><controlfield tag="009">466</controlfield><datafield ind1=" " ind2=" " tag="010"><subfield code="a">sn 83016373 </subfield></datafield><datafield ind1=" " ind2=" " tag="040"><subfield code="a">DLC</subfield><subfield code="b">eng</subfield><subfield code="c">DLC</subfield><subfield code="d">MFN</subfield><subfield code="d">DLC</subfield><subfield code="d">OCLCQ</subfield></datafield><datafield ind1="1" ind2=" " tag="029"><subfield code="a">AU@</subfield><subfield code="b">000026221046</subfield></datafield><datafield ind1=" " ind2=" " tag="042"><subfield code="a">msc</subfield></datafield><datafield ind1="0" ind2="0" tag="050"><subfield code="a">Newspaper</subfield></datafield><datafield ind1="0" ind2=" " tag="130"><subfield code="a">Carroll County Democrat (Westminster, Md. : 1887)</subfield></datafield><datafield ind1="1" ind2="0" tag="245"><subfield code="a">Carroll County Democrat.</subfield></datafield><datafield ind1=" " ind2=" " tag="260"><subfield code="a">Westminster, Md. :</subfield><subfield code="b">Philip W. Avirett</subfield></datafield><datafield ind1=" " ind2=" " tag="300"><subfield code="a">v.</subfield></datafield><datafield ind1=" " ind2=" " tag="310"><subfield code="a">Weekly</subfield></datafield><datafield ind1="0" ind2=" " tag="362"><subfield code="a">Vol. 1, no. 2 (Feb. 17, 1887)-</subfield></datafield><datafield ind1=" " ind2=" " tag="752"><subfield code="a">United States</subfield><subfield code="b">Maryland</subfield><subfield code="c">Carroll</subfield><subfield code="d">Westminster.</subfield></datafield><datafield ind1="0" ind2="0" tag="780"><subfield code="t">Carroll Democrat (Westminster, Md.)</subfield><subfield code="w">(DLC)sn 90057124</subfield></datafield></record>